
@article{Rush:15,
    year = "2015",
    author = {Alexander M. Rush and Sumit Chopra and Jason Weston},
    title = {A Neural Attention Model for Abstractive Sentence Summarization},
    journal = {Proceedings of EMNLP 2015},
    url = "https://arxiv.org/abs/1509.00685"
}

@article{Li:17,
    author = {Piji Li and Lidong Bing and Wai Lam},
    title = {Reader-Aware Multi-Document Summarization: An Enhanced Model and
The First Dataset},
    year = "2017",
    journal = {Proceedings of the Workshop on New Frontiers in Summarization},
    pages = "91--99",
    url = "https://aclweb.org/anthology/W/W17/W17-4512.pdf"
}

@article{Conroy:01,
    author = {John M. Conroy and Dianne P. O'leary},
    title = {Text summarization via hidden markov models},
    year = "2001",
    journal = {In Proceedings of the 24th annual international ACM SIGIR conference on Research and development in information retrieval},
    pages = "406--407",
    url = "https://dl.acm.org/citation.cfm?id=384042"
}